@misc{kolosov2023polynomial,
    title = {Polynomial identity involving Binomial Theorem and Faulhaber's formula Source files},
    author = {Kolosov, Petro},
    journal = {GitHub},
    howpublished = "\url{https://github.com/kolosovpetro/PolynomialIdentityInvolvingBTandFaulhaber}",
    year = {2023}
}