# binomial theorem

@misc{abramowitz1988handbook,
    title = {Handbook of mathematical functions with formulas, graphs, and mathematical tables},
    author = {Abramowitz, Milton and Stegun, Irene A and Romer, Robert H},
    year = {1988},
    publisher = {American Association of Physics Teachers}
}

# binomial coefficients

@book{graham1994concrete,
    title = {{Concrete mathematics: A foundation for computer science (second edition)}},
    author = {{Graham, Ronald L. and Knuth, Donald E. and Patashnik, Oren}},
    year = {1994},
    note = {\url {https://archive.org/details/concrete-mathematics}},
    publisher = {{Addison-Wesley Publishing Company, Inc.}}
}

# bernoulli numbers

@book{bateman1953higher,
    title = {{Higher transcendental functions [volumes i-iii]}},
    author = {Bateman, Harry},
    volume = {1},
    year = {1953},
    publisher = {McGRAW-HILL book company}
}

# faulhaber's formula

@article{beardon1996sums,
    title = {{Sums of powers of integers}},
    author = {Beardon, Alan F},
    journal = {{The American mathematical monthly}},
    volume = {103},
    number = {3},
    pages = {201--213},
    year = {1996},
    publisher = {Taylor \& Francis}
}

# unusual identity odd powers

@article{unusual_identity_for_odd_powers,
    title = {{106.37 An unusual identity for odd-powers}},
    author = {{Kolosov, Petro}},
    journal = {{The Mathematical Gazette}},
    volume = {106},
    number = {567},
    pages = {509--513},
    year = {2022},
    publisher = {{Cambridge University Press}},
    note = {\url{https://doi.org/10.1017/mag.2022.129}},
}

# Max ALekseyev's answer MO

@misc{alekseyev2018mathoverflow,
    title = {{MathOverflow answer 297916/113033}},
    author = {{Alekseyev, Max}},
    journal = {{MathOverflow https://mathoverflow.net/a/297916/113033}},
    number = {297916/113033},
    howpublished = "Published electronically at \url{https://mathoverflow.net/a/297916/113033}",
    year = {2018}
}

# Proof of binomial identity Scheuer, Markus

@misc{scheuer2023mathstackexchange,
    title = {{MathStackExchange answer 4724343/463487}},
    author = {{Scheuer, Markus}},
    journal = {{MathStackExchange https://math.stackexchange.com/a/4724343/463487}},
    number = {{4724343/463487}},
    howpublished = "Published electronically at \url{https://math.stackexchange.com/a/4724343/463487}",
    year = {2023}
}

# Albert Tkaczyk articles

@misc{tkaczyk2018problem,
    title = {{About the problem of a triangle developing the polynomial function}},
    author = {{Tkaczyk, Albert}},
    journal = {{LinkedIn}},
    howpublished = "Published electronically at \href{https://www.linkedin.com/pulse/problem-triangle-developing-polynomial-function-fn-nm-albert-tkaczyk/}{\texttt{LinkedIn}}",
    year = {2018}
}

@misc{tkaczyk2018continuation,
    title = {{On the problem of a triangle developing the polynomial function - continuation}},
    author = {{Tkaczyk, Albert}},
    journal = {{LinkedIn}},
    howpublished = "Published electronically at \href{https://www.linkedin.com/pulse/problem-triangle-developing-polynomial-function-f-n-m-albert-tkaczyk/}{\texttt{LinkedIn}}",
    year = {2018}
}

# OEIS triangles that row sums is odd power

@misc{oeis_numerical_triangle_row_sums_give_cubes,
    title = {{Numerical triangle, row sums give third power, Entry A287326 in The On-Line Encyclopedia of Integer Sequences}},
    author = {Kolosov, Petro},
    journal = {{The On-Line Encyclopedia of Integer Sequences}},
    number = {A287326},
    note = {\url{https://oeis.org/A287326}},
    year = {2017}
}

@misc{oeis_numerical_triangle_row_sums_give_fifth_powers,
    title = {{Numerical triangle, row sums give fifth power, Entry A300656 in The On-Line Encyclopedia of Integer Sequences}},
    author = {Kolosov, Petro},
    journal = {{The On-Line Encyclopedia of Integer Sequences}},
    number = {A300656},
    note = {\url{https://oeis.org/A300656}},
    year = {2018}
}

@misc{oeis_numerical_triangle_row_sums_give_seventh_powers,
    title = {{Numerical triangle, row sums give seventh power, Entry A300785 in The On-Line Encyclopedia of Integer Sequences}},
    author = {Kolosov, Petro},
    journal = {{The On-Line Encyclopedia of Integer Sequences}},
    number = {A300785},
    note = {\url{https://oeis.org/A300785}},
    year = {2018}
}

# OEIS coefficients A

@misc{oeis_numerators_of_the_coefficient_a_m_r,
    title = {{Entry A302971 in The On-Line Encyclopedia of Integer Sequences}},
    author = {Kolosov, Petro},
    journal = {{The On-Line Encyclopedia of Integer Sequences}},
    number = {A302971},
    note = {\url{https://oeis.org/A302971}},
    year = {2018}
}

@misc{oeis_denominators_of_the_coefficient_a_m_r,
    title = {{Entry A304042 in The On-Line Encyclopedia of Integer Sequences}},
    author = {Kolosov, Petro},
    journal = {{The On-Line Encyclopedia of Integer Sequences}},
    number = {A304042},
    note = {\url{https://oeis.org/A304042}},
    year = {2018}
}

# manuscript source code

@misc{kolosov2023github,
    title = {{Polynomial identity involving Binomial Theorem and Faulhaber's formula Source files}},
    author = {{Kolosov, Petro}},
    journal = {{GitHub}},
    howpublished = "Published electronically at \url{https://github.com/kolosovpetro/PolynomialIdentityInvolvingBTandFaulhaber}",
    year = {2023}
}
